@article{RefWorks:154,
	author={Meher Krishna Patel and Stevan M. Berber and Kevin W. Sowerby},
	year={2015},
	title={Adaptive {RAKE} receiver in chaos based pilot-added {DS-CDMA} system},
	journal={Physical Communication, Elsevier, 2015, DOI:10.1016/j.phycom.2015.05.001}
}

@article{RefWorks:155,
	author={Meher Krishna Patel and Stevan M. Berber and Kevin W. Sowerby},
	year={2015},
	title={Performance Analysis of Adaptive Chaos Based {CDMA} System with Antenna Diversity in Frequency Selective Channel},
	journal={Wireless Personal Communications, Springer},
	pages={1-10}
}

@article{RefWorks:173,
	author={Meher Krishna Patel},
	year={2009},
	title={PERFORMANCE OF SPACE-TIME BLOCK CODED COMMUNICATION UNDER TIME-VARYING FADING CHANNELS},
	journal={Electronic Theses and Dissertations, TIET University},
	url={http://hdl.handle.net/10266/816}
}

@book{bhasker1999vhdl,
	title={A VHDL primer},
	author={Bhasker, Jayaram},
	year={1999},
	publisher={Prentice-Hall}
}


@book{chu2011embedded,
	title={Embedded SoPC design with NIOS II processor and VHDL examples},
	author={Chu, Pong P},
	year={2011},
	publisher={John Wiley \& Sons}
}


@book{pedroni2013finite,
	title={Finite state machines in hardware: theory and design (with VHDL and SystemVerilog)},
	author={Pedroni, Volnei A},
	year={2013},
	publisher={MIT press}
}

@book{perry2002vhdl,
	title={VHDL: programming by example},
	author={Perry, Douglas L},
	volume={4},
	year={2002},
	publisher={McGraw-Hill New York, NY, USA}
}

@book{pythondsp,
	title={\href{http://pythondsp.readthedocs.io/en/latest/pythondsp/toc.html}{Lecture notes at PythonDSP}},
	author={Patel, Meher Krishna},
}

@book{bhasker1998verilog,
	title={Verilog HDL synthesis: a practical primer},
	author={Bhasker, Jayaram},
	year={1998},
	publisher={Star Galaxy Publishing}
}

@book{chu2012embedded,
	title={Embedded SoPC Design with NIOS II Processor and Verilog Examples},
	author={Chu, Pong P},
	year={2012},
	publisher={John Wiley \& Sons}
}

